<record><leader>00000cas a22000007a 4500</leader><controlfield tag="001">19538846</controlfield><controlfield tag="008">890412d19081909nduwr ne      0    0eng d</controlfield><datafield ind1=" " ind2=" " tag="010"><subfield code="a">sn 88076570 </subfield></datafield><datafield ind1=" " ind2=" " tag="040"><subfield code="a">NOP</subfield><subfield code="b">eng</subfield><subfield code="c">NOP</subfield><subfield code="d">OCLCQ</subfield></datafield><datafield ind1=" " ind2=" " tag="042"><subfield code="a">msc</subfield></datafield><datafield ind1="0" ind2="4" tag="245"><subfield code="a">The Haynes register.</subfield></datafield><datafield ind1=" " ind2=" " tag="260"><subfield code="a">Haynes, N.D. :</subfield><subfield code="b">Register Pub. Co.</subfield></datafield><datafield ind1=" " ind2=" " tag="300"><subfield code="a">v. :</subfield><subfield code="b">ill. ;</subfield><subfield code="c">56 cm.</subfield></datafield><datafield ind1=" " ind2=" " tag="310"><subfield code="a">Weekly</subfield></datafield><datafield ind1="0" ind2=" " tag="362"><subfield code="a">Vol. 1, no. 1 (Aug. 6, 1908)-v.1, no. 47 (June 24, 1909).</subfield></datafield><datafield ind1=" " ind2=" " tag="530"><subfield code="a">Available on microfilm from the State Historical Society of North Dakota.</subfield></datafield><datafield ind1=" " ind2=" " tag="752"><subfield code="a">United States</subfield><subfield code="b">North Dakota</subfield><subfield code="c">Adams</subfield><subfield code="d">Haynes.</subfield></datafield><datafield ind1="0" ind2="7" tag="785"><subfield code="t">Haynes gazette</subfield><subfield code="w">(DLC)sn 88076569</subfield></datafield><datafield ind1="0" ind2="7" tag="785"><subfield code="t">Haynes register-gazette</subfield><subfield code="w">(DLC)sn 88076571</subfield></datafield></record>